%% This BibTeX bibliography file was created using BibDesk.
%% http://bibdesk.sourceforge.net/


%% Created for Akello Courtney at 2015-04-02 15:22:32 -0600 


%% Saved with string encoding Unicode (UTF-8) 



@book{book,
  title={A Mathematical Introduction to Robotic Manipulation},
  author={Murray, Richard M and Li, Zexiang and Sastry, S Shankar},
  year={1994},
  publisher={CRC press}
}

@inproceedings{Gao13,
  title={A novel local path planning method considering both robot posture and path smoothness},
  author={Gao, Xiang and Ou, Yongsheng and Fu, Yiqun and Li, Zhao and Dai, Dawei and Cui, Liangliang and Zhou, Yimin and Guo, Weidong},
  booktitle={Robotics and Biomimetics (ROBIO), 2013 IEEE International Conference on},
  pages={172--178},
  year={2013},
  organization={IEEE}
}

@article{Bergeles15,
  title={Concentric tube robot design and optimization based on task and anatomical constraints},
  author={Bergeles, Christos and Gosline, Andrew H and Vasilyev, Nikolay V and Codd, Patrick J and del Nido, Pedro J and Dupont, Pierre E},
  journal={Robotics, IEEE Transactions on},
  volume={31},
  number={1},
  pages={67--84},
  year={2015},
  publisher={IEEE}
}

@article{Akhtar15,
  title={Path following using dynamic transverse feedback linearization for car-like robots},
  author={Akhtar, Adeel and Nielsen, Christopher and Waslander, Steven L},
  journal={Robotics, IEEE Transactions on},
  volume={31},
  number={2},
  pages={269--279},
  year={2015},
  publisher={IEEE}
}

@article{DJMontana,
  title={The kinematics of contact and grasp},
  author={Montana, DJ},
  journal={International J. Robotics Research},
  volume={7},
  number={3},
  pages={17--32},
  year={1988}
}
  
@article{Yang15,
  title={Path planning for single unmanned aerial vehicle by separately evolving waypoints},
  author={Yang, Peng and Tang, Ke and Lozano, Jose A and Cao, Xianbin},
  journal={Robotics, IEEE Transactions on},
  volume={31},
  number={5},
  pages={1130--1146},
  year={2015},
  publisher={IEEE}
}

@article{Vershik88,
  title={Nonholonomic problems and the theory of distributions},
  author={Vershik, AM and Gershkovich, V Ya},
  journal={Acta Applicandae Mathematica},
  volume={12},
  number={2},
  pages={181--209},
  year={1988},
  publisher={Springer}
}

@book{Vidyasagar02,
  title={Nonlinear Systems Analysis},
  author={Vidyasagar, Mathukumalli},
  volume={42},
  year={2002},
  publisher={SIAM}
}

@article{Burgner15,
  title={Continuum robots for medical applications: A Survey},
  author={Burgner-Kahrs, Jessica and Rucker, D Caleb and Choset, Howie},
  journal={Robotics, IEEE Transactions on},
  volume={31},
  number={6},
  pages={1261--1280},
  year={2015},
  publisher={IEEE}
}

@inproceedings{Naidoo15,
  title={Optimizing search and rescue missions through a cooperative mobile robot network},
  author={Naidoo, N and Bright, G and Stopforth, R and Zelasco, ZF and Donayo, J},
  booktitle={Pattern Recognition Association of South Africa and Robotics and Mechatronics International Conference (PRASA-RobMech), 2015},
  pages={7--11},
  year={2015},
  organization={IEEE}
}

@inproceedings{Isafiade13,
  title={Autonomous robotsâ€™ visual perception in underground terrains using statistical region merging},
  author={Isafiade, Omowunmi E and Osunmakinde, Isaac O and Bagula, Antoine B},
  booktitle={Proceedings of World Academy of Science, Engineering and Technology},
  number={76},
  pages={694},
  year={2013},
  organization={World Academy of Science, Engineering and Technology (WASET)}
}

